<record><leader>00000cas a22000007a 4500</leader><controlfield tag="001">14066863</controlfield><controlfield tag="008">860808d19091909nvuwr ne      0    0eng d</controlfield><datafield ind1=" " ind2=" " tag="010"><subfield code="a">sn 86076355 </subfield></datafield><datafield ind1=" " ind2=" " tag="040"><subfield code="a">NNX</subfield><subfield code="b">eng</subfield><subfield code="c">NNX</subfield><subfield code="d">OCLCQ</subfield></datafield><datafield ind1=" " ind2=" " tag="042"><subfield code="a">msc</subfield></datafield><datafield ind1="0" ind2=" " tag="130"><subfield code="a">White Pine news weekly mining review (1909)</subfield></datafield><datafield ind1="1" ind2="0" tag="245"><subfield code="a">White Pine news weekly mining review.</subfield></datafield><datafield ind1=" " ind2=" " tag="260"><subfield code="a">East Ely, Nev. :</subfield><subfield code="b">White Pine News Pub. Co.,</subfield><subfield code="c">1909.</subfield></datafield><datafield ind1=" " ind2=" " tag="300"><subfield code="a">2 v. :</subfield><subfield code="b">ill.</subfield></datafield><datafield ind1="0" ind2=" " tag="362"><subfield code="a">41st year (Jan. 9, 1909)-v. 42, no. 25 (Dec. 26, 1909).</subfield></datafield><datafield ind1=" " ind2=" " tag="580"><subfield code="a">Issued also in a daily edition: White Pine news (Ely, Nev. : 1906).</subfield></datafield><datafield ind1=" " ind2=" " tag="752"><subfield code="a">United States</subfield><subfield code="b">Nevada</subfield><subfield code="c">White Pine</subfield><subfield code="d">East Ely.</subfield></datafield><datafield ind1=" " ind2=" " tag="752"><subfield code="a">United States</subfield><subfield code="b">Nevada</subfield><subfield code="c">White Pine</subfield><subfield code="d">Ely.</subfield></datafield><datafield ind1="1" ind2=" " tag="775"><subfield code="t">White Pine news (Ely, Nev. : 1906)</subfield><subfield code="w">(DLC)sn 86076249</subfield><subfield code="w">(OCoLC)13790203</subfield></datafield></record>